<record><leader>00000cas a22000007a 4500</leader><controlfield tag="001">18420199</controlfield><controlfield tag="008">880829d189u19uualuwr ne      0    0eng d</controlfield><datafield ind1=" " ind2=" " tag="010"><subfield code="a">sn 88050155 </subfield></datafield><datafield ind1=" " ind2=" " tag="040"><subfield code="a">CPN</subfield><subfield code="b">eng</subfield><subfield code="c">CPN</subfield><subfield code="d">OCLCQ</subfield></datafield><datafield ind1=" " ind2=" " tag="042"><subfield code="a">msc</subfield></datafield><datafield ind1="0" ind2=" " tag="130"><subfield code="a">Weekly tribune (Huntsville, Ala.)</subfield></datafield><datafield ind1="1" ind2="4" tag="245"><subfield code="a">The Weekly tribune.</subfield></datafield><datafield ind1="3" ind2="0" tag="246"><subfield code="a">Huntsville weekly tribune</subfield></datafield><datafield ind1="3" ind2="0" tag="246"><subfield code="a">Huntsville evening tribune</subfield></datafield><datafield ind1="1" ind2="7" tag="246"><subfield code="a">Evening tribune</subfield></datafield><datafield ind1=" " ind2=" " tag="260"><subfield code="a">Huntsville, Ala. :</subfield><subfield code="b">[s.n.]</subfield></datafield><datafield ind1=" " ind2=" " tag="310"><subfield code="a">Weekly</subfield></datafield><datafield ind1=" " ind2=" " tag="500"><subfield code="a">Published as: Huntsville weekly tribune, &lt;1905&gt;.</subfield></datafield><datafield ind1=" " ind2=" " tag="500"><subfield code="a">Published as: Huntsville evening tribune, July 25, 1900.</subfield></datafield><datafield ind1=" " ind2=" " tag="500"><subfield code="a">Editor: Chas. P. Lane.</subfield></datafield><datafield ind1=" " ind2=" " tag="588"><subfield code="a">Description based on: Vol. 1, no. 286 (Jan. 8, 1895).</subfield></datafield><datafield ind1=" " ind2=" " tag="752"><subfield code="a">United States</subfield><subfield code="b">Alabama</subfield><subfield code="c">Madison</subfield><subfield code="d">Huntsville.</subfield></datafield><datafield ind1="0" ind2=" " tag="775"><subfield code="t">Huntsville evening tribune</subfield><subfield code="w">(DLC)sn 86050090</subfield></datafield><datafield ind1="1" ind2=" " tag="029"><subfield code="a">AU@</subfield><subfield code="b">000025803485</subfield></datafield></record>